@misc{bigtable,
        title = "BigTable",
        key = "bigtable",
        url = "http://labs.google.com/papers/bigtable.html",
        note = "http://labs.google.com/papers/bigtable.html"
}
